% CROWD
@inproceedings{PLE,
 author = {Guy, Stephen J. and Chhugani, Jatin and Curtis, Sean and Dubey, Pradeep and Lin, Ming and Manocha, Dinesh},
 title = {PLEdestrians: A Least-effort Approach to Crowd Simulation},
 booktitle = {Proceedings of the 2010 ACM SIGGRAPH/Eurographics Symposium on Computer Animation},
 series = {SCA '10},
 year = {2010},
 location = {Madrid, Spain},
 pages = {119--128},
 numpages = {10},
 url = {http://dl.acm.org/citation.cfm?id=1921427.1921446},
 acmid = {1921446},
 publisher = {Eurographics Association},
 address = {Aire-la-Ville, Switzerland, Switzerland},
} 

@article{th_walking,
  TITLE = {{Computer Animation of Human Walking: a Survey}},
  AUTHOR = {Multon, Franck and France, Laure and Cani, Marie-Paule and Debunne, Gilles},
  URL = {https://hal.inria.fr/inria-00527534},
  JOURNAL = {{Journal of Visualization and Computer Animation}},
  PUBLISHER = {{John Wiley \& Sons}},
  VOLUME = {10},
  PAGES = {39--54},
  YEAR = {1999},
  KEYWORDS = {animation ; human walking ; survey},
  PDF = {https://hal.inria.fr/inria-00527534/file/survey.pdf},
  HAL_ID = {inria-00527534},
  HAL_VERSION = {v1},
}

@misc{blwikiwalking,
  author = "Blender Foundation",
  title = {Blender wiki -- Ressources on animated walks},
  howpublished = {\url{http://wiki.blender.org/index.php/Dev:Ref/Requests/Animation2.6}},
  note = {Accessed: 2015-16-12}
  }


@misc{tuto_walk,
  author = {Lague, Sebastian},
  title = {Video tutorial: Blender Character Animation: Walk Cycle},
  howpublished = {\url{https://www.youtube.com/watch?v=DuUWxUitJos}},
  note = {Accessed: 2015-16-12}
  }
 
@misc{manual_moving,
  author = "Blender Foundation",
  title = {Blender wiki -- Animation of objects},
  howpublished = {\url{https://www.blender.org/manual/animation/object_path.html}},
  note = {Accessed: 2015-16-12},
}
% ENV
@article{DeclarativeArchitecture,
    author      = {Smelik, R. M. and Tutenel, T. and De Kraker, K. J. and Bidarra, R.},
    title       = {A Declarative Approach to Procedural Modeling of Virtual Worlds},
    journal     = {Comput. Graph.},
    issue_date  = {April, 2011},
    volume      = {35},
    number      = {2},
    month       = apr,
    year        = {2011},
    issn        = {0097-8493},
    pages       = {352--363},
    numpages    = {12},
    url         = {http://dx.doi.org/10.1016/j.cag.2010.11.011},
    doi         = {10.1016/j.cag.2010.11.011},
    acmid       = {1961746},
    publisher   = {Pergamon Press, Inc.},
    address     = {Elmsford, NY, USA},
    keywords    = {Consistency maintenance, Declarative modeling, Procedural methods, Procedural sketching, Semantic modeling, Virtual worlds},
}

@article {FeatureTree,
    author      = {Génevaux, Jean-David and Galin, Eric and Peytavie, Adrien and Guérin, Eric and Briquet, Cyril and Grosbellet, François and Benes, Bedrich},
    title       = {Terrain Modelling from Feature Primitives},
    journal     = {Computer Graphics Forum},
    volume      = {34},
    number      = {6},
    issn        = {1467-8659},
    url         = {http://dx.doi.org/10.1111/cgf.12530},
    doi         = {10.1111/cgf.12530},
    pages       = {211--227},
    keywords    = {terrain modelling, procedural modelling, natural phenomena, geometric modelling, I.3.5 Computational Geometry and Object Modeling Surface, and object representations; I.3.6 Methodology and Techniques Graphics data structures, Interaction techniques},
    year        = {2015},
}

@article{StreetTensors,
    author      = {Chen, Guoning and Esch, Gregory and Wonka, Peter and M\"{u}ller, Pascal and Zhang, Eugene},
    title       = {Interactive Procedural Street Modeling},
    journal     = {ACM Trans. Graph.},
    issue_date  = {August 2008},
    volume      = {27},
    number      = {3},
    month       = aug,
    year        = {2008},
    issn        = {0730-0301},
    pages       = {103:1--103:10},
    articleno   = {103},
    numpages    = {10},
    url         = {http://doi.acm.org/10.1145/1360612.1360702},
    doi         = {10.1145/1360612.1360702},
    acmid       = {1360702},
    publisher   = {ACM},
    address     = {New York, NY, USA},
    keywords    = {procedural modeling, street modeling, street networks, tensor field design, tensor fields},
}

@article{PGParcels,
    author      = {Vanegas, Carlos A. and Kelly, Tom and Weber, Basil and Halatsch, Jan and Aliaga, Daniel G. and Müller, Pascal},
    title       = {Procedural Generation of Parcels in Urban Modeling},
    journal     = {Comput. Graph. Forum},
    issue_date  = {May 2012},
    volume      = {31},
    number      = {2pt3},
    month       = may,
    year        = {2012},
    issn        = {0167-7055},
    pages       = {681--690},
    numpages    = {10},
    url         = {http://dx.doi.org/10.1111/j.1467-8659.2012.03047.x},
    doi         = {10.1111/j.1467-8659.2012.03047.x},
    acmid       = {2322132},
    publisher   = {The Eurographs Association \&\#38; John Wiley \&\#38; Sons, Ltd.},
    address     = {Chichester, UK},
    keywords    = {I.3.5 [Computer Graphics]: Computational Geometry and Object Modeling\&\#x2014;, I.3.6 [Computer Graphics]: Methodology and Techniques\&\#x2014;},
}

@article {CGF:CGF1612,
    author      = {Galin, E. and Peytavie, A. and Maréchal, N. and Guérin, E.},
    title       = {Procedural Generation of Roads},
    journal     = {Computer Graphics Forum},
    volume      = {29},
    number      = {2},
    publisher   = {Blackwell Publishing Ltd},
    issn        = {1467-8659},
    url         = {http://dx.doi.org/10.1111/j.1467-8659.2009.01612.x},
    doi         = {10.1111/j.1467-8659.2009.01612.x},
    pages       = {429--438},
    keywords    = {[Computer Graphics]: Three-Dimensional Graphics and Realism, Procedural modeling, road generation, discrete anisotropic shortest path},
    year        = {2010},
}

@article{lipp2011a,
    title       = {Interactive Modeling of City Layouts using Layers of Procedural Content},
    author      = {Markus Lipp and Daniel Scherzer and Peter Wonka and Michael Wimmer},
    year        = {2011},
    pages       = {345--354},
    month       = apr,
    number      = {2},
    event       = {Eurographics 2011},
    issn        = {0167-7055},
    journal     = {Computer Graphics Forum (Proceedings EG 2011)},
    volume      = {30},
    location    = {Llandudno, UK},
    URL         = {http://www.cg.tuwien.ac.at/research/publications/2011/lipp2011a/},
}

@article{FLSystem, 
    title       = {{FL-system : A Functional L-system for procedural geometric modeling}},
    author      = {Marvie, Jean-Eudes and Perret, Julien and Bouatouch, Kadi},
    url         = {https://hal.inria.fr/inria-00461514},
    journal     = {{Visual Computer}},
    publisher   = {{Springer Verlag}},
    series      = {The Visual Computer},
    volume      = {21},
    number      = {5},
    pages       = {329-339},
    year        = {2005},
    month       = Jun,
    hal_id      = {inria-00461514},
    hal_version = {v1},
}

@inproceedings{Power:1999:IAB:300523.300548,
    author      = {Power, Joanna L. and Brush, A. J. Bernheim and Prusinkiewicz, Przemyslaw and Salesin, David H.},
    title       = {Interactive Arrangement of Botanical L-system Models},
    booktitle   = {Proceedings of the 1999 Symposium on Interactive 3D Graphics},
    series      = {I3D '99},
    year        = {1999},
    isbn        = {1-58113-082-1},
    location    = {Atlanta, Georgia, USA},
    pages       = {175--182},
    numpages    = {8},
    url         = {http://doi.acm.org/10.1145/300523.300548},
    doi         = {10.1145/300523.300548},
    acmid       = {300548},
    publisher   = {ACM},
    address     = {New York, NY, USA},
    keywords    = {L-system, botanical modeling, interactive techniques, inverse-kinematics, optimization, plant arrangement},
}


@misc{blenderartist,
  author = "Blender Artist",
  title = {Blender Artist -- Blender Wish List},
  howpublished = {\url{http://blenderartists.org/forum/showthread.php?382832-Blender-wish-list}},
  note = {Accessed: 2015-16-12}
}

@misc{comptesrendus,
  author = "WP0 Blend'it",
  title = {Meeting Notes},
  howpublished = {\url{https://github.com/blendit/pib/wiki/Comptes-rendus}},
  note = {Accessed: 2015-16-12}
}

@misc{site,
  author = "WP0 Blend'it",
  title = {Blendit Website},
  howpublished = {\url{http://blendit.github.io/}},
  note = {Accessed: 2015-16-12}
}

@misc{pep8,
  author = {van Rossum, Guido and Warsaw, Barry and Coghlan, Nick},
  title = {PEP-8 coding conventions for Python},
  howpublished = {\url{https://www.python.org/dev/peps/pep-0008/}},
  note = {Accessed: 2015-16-12}
  }
