@article{DeclarativeArchictecture, Smelik:2011:SMC:1961704.1961746,
    author      = {Smelik, R. M. and Tutenel, T. and De Kraker, K. J. and Bidarra, R.},
    title       = {A Declarative Approach to Procedural Modeling of Virtual Worlds},
    journal     = {Comput. Graph.},
    issue_date  = {April, 2011},
    volume      = {35},
    number      = {2},
    month       = apr,
    year        = {2011},
    issn        = {0097-8493},
    pages       = {352--363},
    numpages    = {12},
    url         = {http://dx.doi.org/10.1016/j.cag.2010.11.011},
    doi         = {10.1016/j.cag.2010.11.011},
    acmid       = {1961746},
    publisher   = {Pergamon Press, Inc.},
    address     = {Elmsford, NY, USA},
    keywords    = {Consistency maintenance, Declarative modeling, Procedural methods, Procedural sketching, Semantic modeling, Virtual worlds},
}

@article {FeatureTree, CGF:CGF12530,
    author      = {Génevaux, Jean-David and Galin, Eric and Peytavie, Adrien and Guérin, Eric and Briquet, Cyril and Grosbellet, François and Benes, Bedrich},
    title       = {Terrain Modelling from Feature Primitives},
    journal     = {Computer Graphics Forum},
    volume      = {34},
    number      = {6},
    issn        = {1467-8659},
    url         = {http://dx.doi.org/10.1111/cgf.12530},
    doi         = {10.1111/cgf.12530},
    pages       = {211--227},
    keywords    = {terrain modelling, procedural modelling, natural phenomena, geometric modelling, I.3.5 Computational Geometry and Object Modeling Surface, and object representations; I.3.6 Methodology and Techniques Graphics data structures, Interaction techniques},
    year        = {2015},
}

@article{StreetTensors, Chen:2008:IPS:1360612.1360702,
    author      = {Chen, Guoning and Esch, Gregory and Wonka, Peter and M\"{u}ller, Pascal and Zhang, Eugene},
    title       = {Interactive Procedural Street Modeling},
    journal     = {ACM Trans. Graph.},
    issue_date  = {August 2008},
    volume      = {27},
    number      = {3},
    month       = aug,
    year        = {2008},
    issn        = {0730-0301},
    pages       = {103:1--103:10},
    articleno   = {103},
    numpages    = {10},
    url         = {http://doi.acm.org/10.1145/1360612.1360702},
    doi         = {10.1145/1360612.1360702},
    acmid       = {1360702},
    publisher   = {ACM},
    address     = {New York, NY, USA},
    keywords    = {procedural modeling, street modeling, street networks, tensor field design, tensor fields},
}

@article{PGParcels, Vanegas:2012:PGP:2322116.2322132,
    author      = {Vanegas, Carlos A. and Kelly, Tom and Weber, Basil and Halatsch, Jan and Aliaga, Daniel G. and M\&\#x00fc;ller, Pascal},
    title       = {Procedural Generation of Parcels in Urban Modeling},
    journal     = {Comput. Graph. Forum},
    issue_date  = {May 2012},
    volume      = {31},
    number      = {2pt3},
    month       = may,
    year        = {2012},
    issn        = {0167-7055},
    pages       = {681--690},
    numpages    = {10},
    url         = {http://dx.doi.org/10.1111/j.1467-8659.2012.03047.x},
    doi         = {10.1111/j.1467-8659.2012.03047.x},
    acmid       = {2322132},
    publisher   = {The Eurographs Association \&\#38; John Wiley \&\#38; Sons, Ltd.},
    address     = {Chichester, UK},
    keywords    = {I.3.5 [Computer Graphics]: Computational Geometry and Object Modeling\&\#x2014;, I.3.6 [Computer Graphics]: Methodology and Techniques\&\#x2014;},
}

@article {CGF:CGF1612,
    author      = {Galin, E. and Peytavie, A. and Maréchal, N. and Guérin, E.},
    title       = {Procedural Generation of Roads},
    journal     = {Computer Graphics Forum},
    volume      = {29},
    number      = {2},
    publisher   = {Blackwell Publishing Ltd},
    issn        = {1467-8659},
    url         = {http://dx.doi.org/10.1111/j.1467-8659.2009.01612.x},
    doi         = {10.1111/j.1467-8659.2009.01612.x},
    pages       = {429--438},
    keywords    = {[Computer Graphics]: Three-Dimensional Graphics and Realism, Procedural modeling, road generation, discrete anisotropic shortest path},
    year        = {2010},
}

@article{lipp2011a,
    title       = {Interactive Modeling of City Layouts using Layers of Procedural Content},
    author      = {Markus Lipp and Daniel Scherzer and Peter Wonka and Michael Wimmer},
    year        = {2011},
    pages       = {345--354},
    month       = apr,
    number      = {2},
    event       = {Eurographics 2011},
    issn        = {0167-7055},
    journal     = {Computer Graphics Forum (Proceedings EG 2011)},
    volume      = {30},
    location    = {Llandudno, UK},
    URL         = {http://www.cg.tuwien.ac.at/research/publications/2011/lipp2011a/},
}

@article{FLSystem, marvie:inria-00461514,
    title       = {{FL-system : A Functional L-system for procedural geometric modeling}},
    author      = {Marvie, Jean-Eudes and Perret, Julien and Bouatouch, Kadi},
    url         = {https://hal.inria.fr/inria-00461514},
    journal     = {{Visual Computer}},
    publisher   = {{Springer Verlag}},
    series      = {The Visual Computer},
    volume      = {21},
    number      = {5},
    pages       = {329-339},
    year        = {2005},
    month       = Jun,
    hal_id      = {inria-00461514},
    hal_version = {v1},
}

@inproceedings{Power:1999:IAB:300523.300548,
    author      = {Power, Joanna L. and Brush, A. J. Bernheim and Prusinkiewicz, Przemyslaw and Salesin, David H.},
    title       = {Interactive Arrangement of Botanical L-system Models},
    booktitle   = {Proceedings of the 1999 Symposium on Interactive 3D Graphics},
    series      = {I3D '99},
    year        = {1999},
    isbn        = {1-58113-082-1},
    location    = {Atlanta, Georgia, USA},
    pages       = {175--182},
    numpages    = {8},
    url         = {http://doi.acm.org/10.1145/300523.300548},
    doi         = {10.1145/300523.300548},
    acmid       = {300548},
    publisher   = {ACM},
    address     = {New York, NY, USA},
    keywords    = {L-system, botanical modeling, interactive techniques, inverse-kinematics, optimization, plant arrangement},
}
